<record><leader>00000cas a22000007a 4500</leader><controlfield tag="001">30405429</controlfield><controlfield tag="008">940509d19081910okuwr ne      0    0eng d</controlfield><datafield ind1=" " ind2=" " tag="010"><subfield code="a">sn 94058820 </subfield></datafield><datafield ind1=" " ind2=" " tag="040"><subfield code="a">OBN</subfield><subfield code="b">eng</subfield><subfield code="c">OBN</subfield><subfield code="d">OCL</subfield><subfield code="d">OCLCQ</subfield><subfield code="d">OCLCF</subfield><subfield code="d">OCLCO</subfield></datafield><datafield ind1="1" ind2=" " tag="029"><subfield code="a">AU@</subfield><subfield code="b">000010972803</subfield></datafield><datafield ind1=" " ind2=" " tag="042"><subfield code="a">msc</subfield></datafield><datafield ind1=" " ind2=" " tag="043"><subfield code="a">n-us-ok</subfield></datafield><datafield ind1="0" ind2="4" tag="245"><subfield code="a">The McCurtain record.</subfield></datafield><datafield ind1="3" ind2="0" tag="246"><subfield code="a">McCurtain recorder</subfield></datafield><datafield ind1=" " ind2=" " tag="260"><subfield code="a">Valliant, Okla. :</subfield><subfield code="b">D.H. Nash</subfield></datafield><datafield ind1=" " ind2=" " tag="300"><subfield code="a">v.</subfield></datafield><datafield ind1=" " ind2=" " tag="310"><subfield code="a">Weekly</subfield></datafield><datafield ind1="1" ind2=" " tag="362"><subfield code="a">Began in 1908; ceased in 1910.</subfield></datafield><datafield ind1=" " ind2=" " tag="588"><subfield code="a">Description based on: Vol. 1, no. 7 (June 5, 1908).</subfield></datafield><datafield ind1=" " ind2="0" tag="651"><subfield code="a">Valliant (Okla.)</subfield><subfield code="v">Newspapers.</subfield></datafield><datafield ind1=" " ind2="0" tag="651"><subfield code="a">McCurtain County (Okla.)</subfield><subfield code="v">Newspapers.</subfield></datafield><datafield ind1=" " ind2="7" tag="655"><subfield code="a">Newspapers.</subfield><subfield code="2">fast</subfield><subfield code="0">(OCoLC)fst01423814</subfield></datafield><datafield ind1=" " ind2="7" tag="651"><subfield code="a">Oklahoma</subfield><subfield code="z">McCurtain County.</subfield><subfield code="2">fast</subfield><subfield code="0">(OCoLC)fst01248660</subfield></datafield><datafield ind1=" " ind2="7" tag="651"><subfield code="a">Oklahoma</subfield><subfield code="z">Valliant.</subfield><subfield code="2">fast</subfield><subfield code="0">(OCoLC)fst01264777</subfield></datafield><datafield ind1=" " ind2=" " tag="752"><subfield code="a">United States</subfield><subfield code="b">Oklahoma</subfield><subfield code="c">McCurtain</subfield><subfield code="d">Valliant.</subfield></datafield><datafield ind1="0" ind2="0" tag="785"><subfield code="t">Democrat-record (Idabel, Okla. : 1910)</subfield><subfield code="w">(DLC)sn 94058821</subfield><subfield code="w">(OCoLC)30405626</subfield></datafield></record>